\usepackage[style=alphabetic,maxnames=4,minnames=3,maxbibnames=99]{biblatex}

@article{mao2021correlation,
  title={Correlation for tree-shaped datasets and its Bayesian estimation},
  author={Mao, Shanjun and Fan, Xiaodan and Hu, Jie},
  journal={Computational Statistics \& Data Analysis},
  volume={164},
  pages={107307},
  year={2021},
  publisher={Elsevier}
}

@article{2016The,
  title={The Cambridge Companion to Newton || A brief introduction to the mathematical work of Isaac Newton},
  author={ Iliffe, Rob  and  Smith, George E. },
  volume={10.1017/CCO9781139058568},
  number={9},
  pages={382-420},
  year={2016},
}

@article{tang2023lrbmat,
  title={LRBmat: A novel gut microbial interaction and individual heterogeneity inference method for colorectal cancer},
  author={Tang, Shan and Mao, Shanjun and Chen, Yangyang and Tan, Falong and Duan, Lihua and Pian, Cong and Zeng, Xiangxiang},
  journal={Journal of Theoretical Biology},
  pages={111538},
  year={2023},
  publisher={Elsevier}
}

@article{张天骐2024基于,
  title={基于 CNN-LSTM 的 MIMO-OFDM 信号盲调制 识别算法.},
  author={张天骐 and 邹涵 and 杨宗方 and 马焜然},
  journal={Journal of Signal Processing},
  volume={40},
  number={4},
  year={2024}
}

@article{吴修振2024一种基于声波信号的室内定位方法,
  title={一种基于声波信号的室内定位方法},
  author={吴修振 and 冯慧凤 and 孙烨 and 祁亚辉 and 闫实},
  journal={舰船电子工程},
  volume={44},
  number={1},
  pages={44--47},
  year={2024}
}

@MISC{noauthor_undated-qy,
  howpublished = "\url{https://www.britannica.com/summary/Isaac-Newton.}",
  note         = "Accessed: 2023-3-26"
}

